@ONLINE {tfg08b,
    author = "Luis Sánchez",
    title  = "Directrices de organización del documento final del Trabajo Fin de Grado Tareas Científico-Técnicas",
    month  = "4",
    year   = "2013",
    url    = "https://campusvirtual.uclm.es/mod/resource/view.php?id=1082293"
}

@misc{BibEntry2024Oct,
    title = {{AHRS: Attitude and Heading Reference Systems {\ifmmode---\else\textemdash\fi} AHRS 0.4.0 documentation}},
    year = {2024},
    month = oct,
    note = {[Online; accessed 8. Oct. 2024]},
    url = {https://ahrs.readthedocs.io/en/latest/filters/ekf.html}
}

@article{AshwinNarayan2017Sep,
    author = {{Ashwin Narayan}},
    title = {{How to Integrate Quaternions}},
    journal = {Ashwin Narayan},
    year = {2017},
    month = sep,
    publisher = {Ashwin Narayan},
    url = {https://www.ashwinnarayan.com/post/how-to-integrate-quaternions}
}

@misc{BibEntry2024Sep,
    title = {{Angular velocity from Quaternions {$\cdot$} Mario Garc{\ifmmode\acute{\imath}\else\'{\i}\fi}a}},
    year = {2024},
    month = sep,
    note = {[Online; accessed 8. Oct. 2024]},
    url = {https://mariogc.com/post/angular-velocity-quaternions}
}

@book{Becker_2023, edition={1},
    title={Kilman Filter: From the ground up},
    publisher={KilmanFilter.NET},
    author={Becker, Alex},
    year={2023}
}

@misc{invensense2016mpu9250,
    author       = {InvenSense Inc.},
    title        = {MPU-9250 Product Specification Revision 1.1},
    year         = {2016},
    month        = {June 20},
    url          = {https://invensense.tdk.com/wp-content/uploads/2015/02/PS-MPU-9250A-01-v1.1.pdf},
}

@misc{invensense2016mpu9250,
    author       = {InvenSense Inc.},
    title        = {MPU-9250 Register Map and Descriptions Revision 1.4},
    year         = {2013},
    month        = {Sep 9},
    url          = {https://invensense.tdk.com/wp-content/uploads/2015/02/MPU-9250-Register-Map.pdf},
}

@misc{bme_2024,
     url={https://www.bosch-sensortec.com/media/boschsensortec/downloads/datasheets/bst-bme280-ds002.pdf},
     journal={https://www.bosch-sensortec.com},
     publisher={Bosch},
     year={2024},
     month={Feb}
 }
 
 @book{gomez2012mecanica,
     author       = {Gómez Tierno, M. A. and Pérez Cortés, M. and Puentes Márquez, C.},
     title        = {Mecánica del Vuelo},
     edition      = {2nd},
     year         = {2012},
     publisher    = {Garceta},
 }
 
 @manual{espressif_idf_programming_guide,
     author       = {ESPRESSIF},
     title        = {IDF Programming Guide},
     year         = {n.d.},
     howpublished = {\url{https://docs.espressif.com/projects/esp-idf/en/stable/esp32/index.html}},
     note         = {ESP-IDF Programming Guide},
 }
 
 